<?xml version="1.0" encoding="UTF-8"?><collection xmlns="http://www.loc.gov/MARC21/slim"><record><leader>00406nam--2200133-i-4500</leader><controlfield tag="001">000032302</controlfield><controlfield tag="002">20161230</controlfield><controlfield tag="005">20161230201039</controlfield><controlfield tag="008">060222s1000------------r-----000-0-eng-d</controlfield><datafield ind1=" " ind2=" " tag="080"><subfield code="a">681.3.012</subfield></datafield><datafield ind1=" " ind2=" " tag="245"><subfield code="a">Microprocesoare si aplicatiile lo. orientari, realizari, tendinte in cercetarea stiintifica si ingineria tehnologica...</subfield></datafield><datafield ind1=" " ind2=" " tag="260"><subfield code="a">Bucuresti, Inid, 1984. 96p</subfield></datafield><datafield ind1=" " ind2=" " tag="700"><subfield code="a">Dumitru Manea</subfield></datafield><datafield ind1=" " ind2=" " tag="852"><subfield code="a">71572</subfield></datafield></record></collection>